<record><leader>00000cas a2200000 a 4500</leader><controlfield tag="001">28323422</controlfield><controlfield tag="008">930624d19461949cauwr ne      0    0eng c</controlfield><datafield ind1=" " ind2=" " tag="010"><subfield code="a">sn 93052030 </subfield></datafield><datafield ind1=" " ind2=" " tag="040"><subfield code="a">CUY</subfield><subfield code="b">eng</subfield><subfield code="c">CNK</subfield><subfield code="d">OCLCQ</subfield><subfield code="d">CNK</subfield><subfield code="d">OCLCQ</subfield><subfield code="d">OCLCF</subfield><subfield code="d">OCLCO</subfield></datafield><datafield ind1="1" ind2=" " tag="029"><subfield code="a">AU@</subfield><subfield code="b">000025897024</subfield></datafield><datafield ind1=" " ind2=" " tag="042"><subfield code="a">pcc</subfield></datafield><datafield ind1=" " ind2=" " tag="043"><subfield code="a">n-us-ca</subfield></datafield><datafield ind1="0" ind2=" " tag="130"><subfield code="a">Tuolumne independent (Sonora, Calif. : 1946)</subfield></datafield><datafield ind1="1" ind2="4" tag="245"><subfield code="a">The Tuolumne independent.</subfield></datafield><datafield ind1=" " ind2=" " tag="260"><subfield code="a">Sonora, Calif. :</subfield><subfield code="b">H.R. McLean</subfield></datafield><datafield ind1=" " ind2=" " tag="300"><subfield code="a">v.</subfield></datafield><datafield ind1=" " ind2=" " tag="310"><subfield code="a">Weekly</subfield></datafield><datafield ind1="0" ind2=" " tag="362"><subfield code="a">Vol. 75, no. 14 (July 2, 1946)-v. 77, no. 41 (Jan. 13, 1949).</subfield></datafield><datafield ind1=" " ind2=" " tag="530"><subfield code="a">Master negatives are available for duplication from:</subfield><subfield code="b">California Newspaper Microfilm Archive;</subfield><subfield code="c">positive copies may be purchased by the reel; for further information consult the CNMA at:</subfield><subfield code="u">http://cbsr.ucr.edu</subfield></datafield><datafield ind1=" " ind2="0" tag="651"><subfield code="a">Tuolumne County (Calif.)</subfield><subfield code="v">Newspapers.</subfield></datafield><datafield ind1=" " ind2="7" tag="655"><subfield code="a">Newspapers.</subfield><subfield code="2">fast</subfield><subfield code="0">(OCoLC)fst01423814</subfield></datafield><datafield ind1=" " ind2="7" tag="651"><subfield code="a">California</subfield><subfield code="z">Tuolumne County.</subfield><subfield code="2">fast</subfield><subfield code="0">(OCoLC)fst01215840</subfield></datafield><datafield ind1=" " ind2=" " tag="752"><subfield code="a">United States</subfield><subfield code="b">California</subfield><subfield code="c">Tuolumne</subfield><subfield code="d">Sonora.</subfield></datafield><datafield ind1="0" ind2="0" tag="780"><subfield code="t">Independent (Sonora, Calif.)</subfield><subfield code="w">(DLC)sn 93052029</subfield></datafield><datafield ind1="0" ind2="5" tag="780"><subfield code="t">Union Democrat (Sonora, Calif. : 1854)</subfield><subfield code="w">(DLC)sn 85025134</subfield></datafield><datafield ind1="0" ind2="7" tag="785"><subfield code="t">Daily union Democrat (Sonora, Calif. : 1947)</subfield><subfield code="w">(DLC)sn 93053351</subfield></datafield><datafield ind1="0" ind2="7" tag="785"><subfield code="t">Union Democrat (Sonora, Calif. : 1949)</subfield><subfield code="w">(DLC)sn 93053352</subfield></datafield></record>